<?xml version="1.0" encoding="UTF-8"?><record xmlns="http://www.loc.gov/MARC21/slim" xmlns:cinclude="http://apache.org/cocoon/include/1.0" xmlns:zs="http://www.loc.gov/zing/srw/">
  <leader>00786nz  a2200193n  4500</leader>
  <controlfield tag="001">n 2014063120</controlfield>
  <controlfield tag="003">DLC</controlfield>
  <controlfield tag="005">20141010073003.0</controlfield>
  <controlfield tag="008">141010n| azannaabn          |n aaa      </controlfield>
  <datafield tag="010" ind1=" " ind2=" ">
    <subfield code="a">n 2014063120</subfield>
  </datafield>
  <datafield tag="040" ind1=" " ind2=" ">
    <subfield code="a">DLC</subfield>
    <subfield code="b">eng</subfield>
    <subfield code="e">rda</subfield>
    <subfield code="c">DLC</subfield>
  </datafield>
  <datafield tag="046" ind1=" " ind2=" ">
    <subfield code="f">19750627</subfield>
  </datafield>
  <datafield tag="100" ind1="1" ind2=" ">
    <subfield code="a">Cervelli, Stefania,</subfield>
    <subfield code="d">1975-</subfield>
  </datafield>
  <datafield tag="370" ind1=" " ind2=" ">
    <subfield code="a">Naples (Italy)</subfield>
    <subfield code="2">naf</subfield>
  </datafield>
  <datafield tag="374" ind1=" " ind2=" ">
    <subfield code="a">Lawyers</subfield>
    <subfield code="a">Law teachers</subfield>
    <subfield code="2">lcsh</subfield>
  </datafield>
  <datafield tag="375" ind1=" " ind2=" ">
    <subfield code="a">female</subfield>
  </datafield>
  <datafield tag="377" ind1=" " ind2=" ">
    <subfield code="a">ita</subfield>
  </datafield>
  <datafield tag="670" ind1=" " ind2=" ">
    <subfield code="a">I diritti reali, 2014:</subfield>
    <subfield code="b">t.p. (Stefania Cervelli) p. 4 of cover (avvocato in Napoli; docente a contratto presso la cattedra di diritto civile dell'UniversitaĚ degli Studi di Napoli "Federico II")</subfield>
  </datafield>
  <datafield tag="670" ind1=" " ind2=" ">
    <subfield code="a">Studio Associato Cervelli WWW site, viewed October 10, 2014:</subfield>
    <subfield code="b">avvocati (Avv. Prof. Stefania Cervelli; nata a Napoli il 27 giugno 1975, avvocato dal 2004)</subfield>
  </datafield>
</record>